<?xml version="1.0" encoding="UTF-8"?><collection xmlns="http://www.loc.gov/MARC21/slim"><record><leader>00459nam--2200169-i-4500</leader><controlfield tag="001">000002132</controlfield><controlfield tag="002">20161230</controlfield><controlfield tag="005">20161230201024</controlfield><controlfield tag="008">060222s1000------------r-----000-0-eng-d</controlfield><datafield ind1=" " ind2=" " tag="040"><subfield code="a">IFIN-HH</subfield></datafield><datafield ind1=" " ind2=" " tag="080"><subfield code="a">53:92(092)</subfield></datafield><datafield ind1="1" ind2=" " tag="100"><subfield code="a">Douglas, A. Vibert</subfield></datafield><datafield ind1="1" ind2="0" tag="245"><subfield code="a">The life of arthur stanley eddington</subfield><subfield code="c">A. vilbert douglas</subfield></datafield><datafield ind1=" " ind2=" " tag="260"><subfield code="a">London</subfield><subfield code="b">Thomas Nelson And Sons Ltd</subfield><subfield code="c">1956</subfield></datafield><datafield ind1=" " ind2=" " tag="300"><subfield code="a">XI + 207 P</subfield></datafield><datafield ind1=" " ind2=" " tag="852"><subfield code="a">12703</subfield><subfield code="c">53.01</subfield></datafield><datafield ind1=" " ind2=" " tag="CAT"><subfield code="a">Sys</subfield><subfield code="c">20151012</subfield><subfield code="h">142330</subfield></datafield></record></collection>